%! Author = enzo
%! Date = 22-11-23

